%\todo{scholar.google.com permite importar registros en modo texto con citas a papers. Podés incluso ir marcando y agregando a tu librería personal y luego importar todo junto, lo que hace bastante cómodo trabajar con esto}

@inproceedings{PedroJulian,
  author = {Mandolesi, P. and San Mart\'in, G. and P., Juli\'an},
  year = {2008},
  title = {RFID Front-End in 0.5um Standard CMOS process: Experimental results},
  booktitle = {Proceedings of the Argentine School of Micro-Nanoelectronics, Technology and Applications 2008}
}

@ARTICLE{FastHenry,
author={Kamon, M. and Tsuk, M.J. and White, J.K.},
journal={Microwave Theory and Techniques, IEEE Transactions on},
title={FASTHENRY: a multipole-accelerated 3-D inductance extraction program},
year={1994},
month={Sept},
volume={42},
number={9},
pages={1750-1758},
keywords={circuit analysis computing;inductance;mesh generation;packaging;FASTHENRY;computation time;generalized minimal residual matrix;integrated circuit packaging problems;mesh analysis equation formulation technique;multipole-accelerated 3D inductance extraction program;preconditioners;Acceleration;Computational geometry;Conducting materials;Coupling circuits;Inductance;Integral equations;Integrated circuit packaging;Iterative algorithms;Jacobian matrices;Magnetic analysis},
doi={10.1109/22.310584},
ISSN={0018-9480},}

@book{RFID_Handbook,
  author = {Finkenzeller, Klaus},
  year = {2010},
  title = {RFID Handbook},
  edition = {3},
  publisher = {Wiley}
}

@book{Gudnason,
  author = {Gudnason, Gunnar and Bruun, Erik},
  year = {2002},
  title = {CMOS circuit design for RF sensors},
  publisher = {Kluwer Academic Publishers}
}

@book{Baker,
  author = {Baker, Jacob},
  year = {2005},
  title = {CMOS Circuit design, layout and simulation},
  publisher = {Wiley-Interscience}
}

@book{GrayMayer,
  author = {Gray, P. and Hurst, P. and Lewis, S. and Mayer, R.},
  year = {2001},
  title = {Analysis and design of analog integrated circuits},
  publisher = {John Wiley}
}

@book{Hastings,
  author = {Hastings, Alan},
  year = {2001},
  title = {The art of analog layout},
  publisher = {Prenctice Hall}
}

@book{Synopsys,
  author = {Himanshu, Bhatnagar},
  year = {2002},
  title = {ADVANCED ASIC CHIP SYNTHESIS Using Synopsys\textsuperscript{\textregistered} Design Compiler\textsuperscript{\texttrademark} Physical Compiler\textsuperscript{\texttrademark} and PrimeTime\textsuperscript{\textregistered}},
  publisher = {KLUWER ACADEMIC PUBLISHERS}
}

@Standard{ISO14443Part1,
  number = {FCD 14443-1},
  year = {2007},
  title = {Identification cards - Contactless integrated circuit(s) cards - Proximity cards - Part 1: Physical characteristics},
  organization = {ISO/IEC}
}

@Standard{ISO14443Part2,
  number = {FDIS 14443-2},
  year = {2009},
  title = {Identification cards - Contactless integrated circuit(s) cards - Proximity cards - Part 2: Radio frequency power and signal interface},
  organization = {ISO/IEC}
}

@Standard{ISO14443Part3,
  number = {FCD 14443-3},
  year = {2008},
  title = {Identification cards - Contactless integrated circuit(s) cards - Proximity cards - Part 3: Initialization and anticollision},
  organization = {ISO/IEC}
}

@Standard{ISO14443Part4,
  number = {FCD 14443-4},
  year = {2007},
  title = {Identification cards - Contactless integrated circuit(s) cards - Proximity cards - Part 4: Transmission protocol},
  organization = {ISO/IEC}
}

@Standard{ISO10373Part6,
  number = {FCD 10373-6},
  year = {2000},
  title = {Identification cards — Test methods — Part 6: Proximity cards},
  organization = {ISO/IEC}
}

@Standard{ISO7810,
  number = {7810},
  year = {2003},
  title = {Identification cards — Physical characteristics},
  organization = {ISO/IEC}
}

@ARTICLE{Verilog,
  journal={IEEE Std 1364-2005 (Revision of IEEE Std 1364-2001)},
  title={IEEE Standard for Verilog Hardware Description Language},
  year={2006},
  month={},
  pages={1-560},
  doi={10.1109/IEEESTD.2006.99495}
}

@misc{MosisWeb,
  title = {MOSIS Integrated Circuit Fabrication Service},
  howpublished={\url{http://www.mosis.com/}}
}

@misc{MentorCustomIC,
  title = {Mentor Graphics IC Design},
  howpublished={\url{http://www.mentor.com/products/ic_nanometer_design/custom-ic-design/}}
}

@misc{SynopsysICCompiler,
  title = {IC Compiler Place and Route System},
  howpublished={\url{http://www.synopsys.com/Tools/Implementation/PhysicalImplementation/Pages/ICCompiler.aspx}}
}

@misc{SynopsysDC,
  title = {Design Compiler Graphical},
  howpublished={\url{http://www.synopsys.com/Tools/Implementation/RTLSynthesis/DCGraphical/Pages/default.aspx}}
}

@misc{OSUstandardCells,
  title = {Oklahoma State University System on Chip Design Flows},
  howpublished={\url{http://vlsiarch.ecen.okstate.edu/?page_id=12}}
}

@misc{Octave,
  title = {GNU Octave Web Page},
  howpublished={\url{https://www.gnu.org/software/octave/}}
}

@misc{LTSpice,
  title = {LTSpice},
  howpublished={\url{http://en.wikipedia.org/wiki/LTspice}}
}

@misc{IVerilog,
  title = {Icarus Verilog Web Page},
  howpublished={\url{http://iverilog.icarus.com/}}
}

@misc{GTKWave,
  title = {GTKwave Web Page},
  howpublished={\url{http://gtkwave.sourceforge.net/}}
}

misc{RFIDJournal,
  author = {Violino, Bob},
  title = {A Summary of RFID Standards},
  publisher = {RFID Journal},
  howpublished={\url{http://www.rfidjournal.com/articles/view?1335}}
}

@techreport{Optimization-Shunt-Reg,
  title = {Optimization of the law of variation of shunt regulator impedance for Proximity Contactless Smart Card Applications to reduce the loading effect},
  author = {Marechal, Catherine and Paret, Dominique},
  institution = {Laboratoire LRIT – ESIGETEL},
  year = {}
}

@techreport{RectifierComparison,
  author = {Zhu, Zheng and Jamali, Ben and Cole, Peter H.},
  title = {Brief Comparison of Different Rectifier Structures for RFID Transponders},
  institution = {Auto-ID lab at University of Adelaide},
  year = {}
}

@misc{PackageDIP40,
  title = {DIP40 from Kyocera},
  howpublished={\url{http://www.mosis.com/pages/Technical/Packaging/Ceramic/menu-pkg-ceramic}}
}

@conference{PosterCASE,
author = "Alcalde Bessia, Fabricio and Fanego, Diego and Makar, Guillermo",
booktitle = "CASE 2012, Congreso Argentino de Sistemas Embebidos",
isbn = "978-987-9374-82-5",
month = "August",
pages = "120",
title = "{D}iseño de un {TAG RFID} integrado en un proceso {CMOS} de {$0.5\mu$m}",
url = "http://www.sase.com.ar/2012/congreso-argentino-de-sistemas-embebidos-case-2012/",
year = "2012",
}

% Apuntes electro Fernandez
% Tutoriales de microchip y otros para cálculo de inductores
